@inreference{Algorithmus2022,
  title = {A*-Algorithmus},
  booktitle = {Wikipedia},
  date = {2022-02-01T20:19:03Z},
  url = {https://de.wikipedia.org/w/index.php?title=A*-Algorithmus&oldid=219778390},
  urldate = {2023-01-27},
  abstract = {Der A*-Algorithmus („A Stern“ oder englisch „a star“, auch A*-Suche) gehört zur Klasse der informierten Suchalgorithmen. Er dient in der Informatik der Berechnung eines kürzesten Pfades zwischen zwei Knoten in einem Graphen mit positiven Kantengewichten. Er wurde das erste Mal 1968 von Peter Hart, Nils J. Nilsson und Bertram Raphael beschrieben. Der Algorithmus gilt als Verallgemeinerung und Erweiterung des Dijkstra-Algorithmus, in vielen Fällen kann aber umgekehrt A* auch auf Dijkstra reduziert werden. Im Gegensatz zu uninformierten Suchalgorithmen verwendet der A*-Algorithmus eine Schätzfunktion (Heuristik), um zielgerichtet zu suchen und damit die Laufzeit zu verringern. Der Algorithmus ist vollständig und optimal. Das heißt, dass immer eine optimale Lösung gefunden wird, falls eine existiert.},
  langid = {ngerman},
  annotation = {Page Version ID: 219778390},
  file = {/Users/dannysteinbrecher/Zotero/storage/TR3I59CH/A-Algorithmus.html}
}

@report{butlerGeoJSONFormat2016,
  type = {Request for Comments},
  title = {The {{GeoJSON Format}}},
  author = {Butler, H. and Daly, M. and Doyle, A. and Gillies, Sean and Schaub, T. and Hagen, Stefan},
  date = {2016-08},
  number = {RFC 7946},
  institution = {{Internet Engineering Task Force}},
  doi = {10.17487/RFC7946},
  url = {https://datatracker.ietf.org/doc/rfc7946},
  urldate = {2023-01-27},
  abstract = {GeoJSON is a geospatial data interchange format based on JavaScript Object Notation (JSON). It defines several types of JSON objects and the manner in which they are combined to represent data about geographic features, their properties, and their spatial extents. GeoJSON uses a geographic coordinate reference system, World Geodetic System 1984, and units of decimal degrees.},
  pagetotal = {28},
  file = {/Users/dannysteinbrecher/Zotero/storage/MBE83ZUJ/Butler et al. - 2016 - The GeoJSON Format.pdf}
}

@inreference{Flughoehe2021,
  title = {Flughöhe},
  booktitle = {Wikipedia},
  date = {2021-11-10T19:52:54Z},
  url = {https://de.wikipedia.org/w/index.php?title=Flugh%C3%B6he&oldid=217165632},
  urldate = {2023-01-27},
  abstract = {Unter Flughöhe versteht man die gemessene vertikale Höhe eines Luftfahrzeuges über einer bestimmten Bezugsfläche. Je nach Flugsituation kommen dabei unterschiedliche Bezugsflächen in Betracht. Die genaue Messung der Flughöhe ist für die Flugsicherheit von großer Bedeutung, um ausreichende Sicherheitsabstände zu anderen Luftfahrzeugen sowie Bodenhindernissen sicherstellen zu können. Es ist international üblich, Flughöhen in Fuß (ft) anzugeben. Auch die Bezeichnung der Flugflächen entstammt dort der angezeigten Höhe in Fuß. In wenigen Ländern werden alle Flughöhenangaben in Meter ausgedrückt. In Deutschland ist nur im Segelflug, für Luftschiffe und Fallschirmspringer eine Höhenmessung in Meter üblich. 100 ft entsprechen 30,48 m.},
  langid = {ngerman},
  annotation = {Page Version ID: 217165632}
}

@online{GeoJSON,
  title = {{{GeoJSON}}},
  url = {https://geojson.org/},
  urldate = {2023-01-27},
  file = {/Users/dannysteinbrecher/Zotero/storage/8H8274S4/geojson.org.html}
}

@online{GermanyLatitudeLongitude,
  title = {Germany {{Latitude}} and {{Longitude Map}}},
  url = {https://www.mapsofworld.com/lat_long/germany-lat-long.html},
  urldate = {2023-01-27}
}

@online{HomeP5Js,
  title = {Home | P5.Js},
  url = {https://p5js.org/},
  urldate = {2023-01-27},
  file = {/Users/dannysteinbrecher/Zotero/storage/NFUNNYL7/p5js.org.html}
}

@inreference{IDA2021,
  title = {IDA*},
  booktitle = {Wikipedia},
  date = {2021-01-16T11:47:56Z},
  url = {https://de.wikipedia.org/w/index.php?title=IDA*&oldid=207703739},
  urldate = {2023-01-27},
  abstract = {IDA* (englisch iterative deepening A*) ist ein Begriff aus der Informatik. Er bezeichnet ein Verfahren zum Suchen des kürzesten Weges zwischen zwei Knoten (Graphentheorie) in einem Graphen. Der Algorithmus kombiniert die wünschenswerten Eigenschaften von Tiefensuche (geringer Speicherverbrauch) und einer Variante der Breitensuche, dem A*-Algorithmus (Steuerung der Suche durch eine Heuristik).},
  langid = {ngerman},
  annotation = {Page Version ID: 207703739},
  file = {/Users/dannysteinbrecher/Zotero/storage/F453LYLY/IDA.html}
}

@online{MappaJsCanvas,
  title = {Mappa.Js · {{A}} Canvas Wrapper for {{Maps}}},
  url = {https://mappa.js.org/index.html},
  urldate = {2023-01-27},
  abstract = {A canvas wrapper for Maps}
}

@online{UnderstandingLatitudeLongitude,
  title = {Understanding {{Latitude}} and {{Longitude}}},
  url = {https://journeynorth.org/tm/LongitudeIntro.html},
  urldate = {2023-01-27},
  file = {/Users/dannysteinbrecher/Zotero/storage/LEENIYEB/LongitudeIntro.html}
}
